
@Book{esimerkki2011,
  author = 	 {Esimerkki, Erkki},
  editor = 	 {Kiskuri, Keijo},
  title = 	 {Architecturing Internet of Things},
  publisher = 	 {Springer},
  year = 	 {2011},
  OPTkey = 	 {},
  OPTvolume = 	 {},
  OPTnumber = 	 {},
  OPTseries = 	 {},
  OPTaddress = 	 {},
  OPTedition = 	 {},
  OPTmonth = 	 {},
  OPTnote = 	 {},
  OPTannote = 	 {}
}



@Misc{wiki:email,
  title = 	 {Wikipedia article on E-mail filtering},
  note = 	 {\url{http://en.wikipedia.org/wiki/Email_filtering}}
}



@Misc{wiki:mlp,
  title = 	 {Wikipedia article on Multilayer Perceptrons},
  note = 	 {\url{http://en.wikipedia.org/wiki/Multilayer_perceptron}}
}



@Misc{wiki:pca,
  title = 	 {Wikipedia article on Principal Component Analysis},
  note = 	 {\url{http://en.wikipedia.org/wiki/Principal_component_analysis}}
}

@Misc{luentokalvo,
  title = 	 {From data to information -course slides on Data compression using PCA in Finnish},
  note = 	 {\url{https://noppa.aalto.fi/noppa/kurssi/t-61.2010/luennot/T-61_2010_luku_4__kalvot_1_a4.beamer.pdf}}
}



@Misc{wiki:nn,
  title = 	 {Wikipedia article on Neural Networks},
  note = 	 {\url{http://en.wikipedia.org/wiki/Neural_network}}
}

@Misc{wiki:ffnn,
  title = 	 {Wikipedia article on Feedforward Neural Networks},
  note = 	 {\url{http://en.wikipedia.org/wiki/Feedforward_neural_network}}
}

@Book{ham2001,
  ALTauthor = 	 {Ham, Fredrik M. and Kostanic, Ivica  },
  title = 	 {Principles of Neurocomputing for Science and Engineering},
  year = 	 {2001}

}

@Misc{backprop,
  title = 	 {Wikipedia article on Backpropagation},
  note = 	 {\url{http://en.wikipedia.org/wiki/Backpropagation}}
}

@Misc{matlab:nn,
 title =      {Matlabâ€™s neural network toolbox web page},
 note =      {\url{http://www.mathworks.se/products/neural-network/index.html}}
}

@Misc{crsouza,
 title =      {Article on Neural Network Learning by the Levenberg-Marquardt},
 note =      {\url{http://crsouza.blogspot.com/2009/11/neural-network-learning-by-levenberg_18.html}}
}

@Misc{wiki:onlinealgorithm,
 title =      {Wikipedia article on online algorithms},
 note =      {\url{http://en.wikipedia.org/wiki/Online_algorithm}}
}

@Misc{hiddenunits,
 title =      {Article on the number of hidden neurons},
 note =      {\url{http://www.faqs.org/faqs/ai-faq/neural-nets/part3/section-9.html}},
 note =      {\url{http://www.faqs.org/faqs/ai-faq/neural-nets/part3/section-10.html}}
}

@Misc{hongwei,
 title =      {Article on L-M for FFNN},
 note =      {Hongwei Liu: On the Levenber-Marquardt Training Method for Feed-Forward Neural Networks, 2010 Sixth International Conference on Natural Computation (ICNC 2010), Beijing Wuzi University}
}


@Misc{datachallenge,
  title = 	 {Results of Datachallenge competition held on course Machine Learning: Basic Principles},
  note = 	 {\url{https://noppa.aalto.fi/noppa/kurssi/t-61.3050/tulokset/T-61_3050_results.html}}
}

